<record><leader>00000cas a22000007a 4500</leader><controlfield tag="001">13786537</controlfield><controlfield tag="008">860627d19191922njuwr ne      0    0eng d</controlfield><datafield ind1=" " ind2=" " tag="010"><subfield code="a">sn 85035895 </subfield></datafield><datafield ind1=" " ind2=" " tag="040"><subfield code="a">NPA</subfield><subfield code="b">eng</subfield><subfield code="c">NPA</subfield><subfield code="d">NJW</subfield><subfield code="d">OCLCQ</subfield></datafield><datafield ind1=" " ind2=" " tag="042"><subfield code="a">msc</subfield></datafield><datafield ind1="0" ind2="4" tag="245"><subfield code="a">The Jersey mosquito.</subfield></datafield><datafield ind1="3" ind2="0" tag="246"><subfield code="a">Mosquito</subfield></datafield><datafield ind1=" " ind2=" " tag="260"><subfield code="a">Perth Amboy, N.J. :</subfield><subfield code="b">H.E. Pickersgill,</subfield><subfield code="c">-1922.</subfield></datafield><datafield ind1=" " ind2=" " tag="300"><subfield code="a">v. :</subfield><subfield code="b">ill. ;</subfield><subfield code="c">30 cm.</subfield></datafield><datafield ind1=" " ind2=" " tag="310"><subfield code="a">Weekly</subfield></datafield><datafield ind1="1" ind2=" " tag="362"><subfield code="a">Began in Aug. 1919.</subfield></datafield><datafield ind1="0" ind2=" " tag="362"><subfield code="a">-v. 4, no. 1 (July 22, 1922).</subfield></datafield><datafield ind1=" " ind2=" " tag="500"><subfield code="a">Issue for July 22, 1922 also called: Mosquito (cover title).</subfield></datafield><datafield ind1=" " ind2=" " tag="588"><subfield code="a">Description based on: Vol. 1, no. 6 (Sept. 13, 1919).</subfield></datafield><datafield ind1=" " ind2=" " tag="752"><subfield code="a">United States</subfield><subfield code="b">New Jersey</subfield><subfield code="c">Middlesex</subfield><subfield code="d">Perth Amboy.</subfield></datafield><datafield ind1="0" ind2="5" tag="780"><subfield code="t">Middlesex plain dealer</subfield></datafield><datafield ind1="0" ind2="5" tag="780"><subfield code="t">Perth Amboy press</subfield></datafield><datafield ind1="0" ind2="0" tag="785"><subfield code="t">Mosquito (Perth Amboy, N.J. : 1922)</subfield><subfield code="w">(DLC)sn 87068204</subfield></datafield><datafield ind1="1" ind2=" " tag="029"><subfield code="a">AU@</subfield><subfield code="b">000023449192</subfield></datafield></record>